% Write down the reference here in the bib format 
% a very useful source for good references: https://dblp.org
% However, also dblp references might not always be clean
@book{DBLP:books/sp/Zobel14,
	author = {Justin Zobel},
	title = {Writing for Computer Science},
	publisher = {Springer},
	year = {2014},
	url = {https://doi.org/10.1007/978-1-4471-6639-9},
	doi = {10.1007/978-1-4471-6639-9},
	isbn = {978-1-4471-6638-2},
	timestamp = {Tue, 16 May 2017 14:01:44 +0200},
	biburl = {https://dblp.org/rec/books/sp/Zobel14.bib},
	bibsource = {dblp computer science bibliography, https://dblp.org},
}

@inproceedings{DBLP:conf/apn/LeemansFA13,
	author = {Sander J. J. Leemans and Dirk Fahland and Wil M. P. van der
	          Aalst},
	editor = {Jos{\'{e}} Manuel Colom and J{\"{o}}rg Desel},
	title = {Discovering Block-Structured Process Models from Event Logs - {
	         A} Constructive Approach},
	booktitle = {Application and Theory of Petri Nets and Concurrency - 34th
	             International Conference, {PETRI} {NETS} 2013, Milan, Italy,
	             June 24-28, 2013. Proceedings},
	series = {Lecture Notes in Computer Science},
	volume = {7927},
	pages = {311--329},
	publisher = {Springer},
	year = {2013},
	url = {https://doi.org/10.1007/978-3-642-38697-8_17},
	doi = {10.1007/978-3-642-38697-8_17},
	timestamp = {Sat, 19 Oct 2019 20:09:00 +0200},
	biburl = {https://dblp.org/rec/conf/apn/LeemansFA13.bib},
	bibsource = {dblp computer science bibliography, https://dblp.org},
}

@misc{beautiful,
	title = {How to Write Beautiful Process-and-Data-Science Papers?},
	author = {van der Aalst, Wil M. P.},
	year = {2024},
	eprint = {2203.09286},
	archivePrefix = {arXiv},
	primaryClass = {cs.DL},
	url = {https://arxiv.org/abs/2203.09286},
}

@article{DBLP:journals/tse/ZhangYGR23,
  author       = {Xunhui Zhang and
                  Yue Yu and
                  Georgios Gousios and
                  Ayushi Rastogi},
  title        = {Pull Request Decisions Explained: An Empirical Overview},
  journal      = {{IEEE} Trans. Software Eng.},
  volume       = {49},
  number       = {2},
  pages        = {849--871},
  year         = {2023},
  url          = {https://doi.org/10.1109/TSE.2022.3165056},
  doi          = {10.1109/TSE.2022.3165056},
  timestamp    = {Sat, 25 Feb 2023 21:35:14 +0100},
  biburl       = {https://dblp.org/rec/journals/tse/ZhangYGR23.bib},
  bibsource    = {dblp computer science bibliography, https://dblp.org}
}

@article{DBLP:journals/sp/ZhangLLZ20,
  author       = {Feng Zhang and
                  Lulu Li and
                  Cong Liu and
                  Qingtian Zeng},
  title        = {Flow Chart Generation-Based Source Code Similarity Detection Using
                  Process Mining},
  journal      = {Sci. Program.},
  volume       = {2020},
  pages        = {8865413:1--8865413:15},
  year         = {2020},
  url          = {https://doi.org/10.1155/2020/8865413},
  doi          = {10.1155/2020/8865413},
  timestamp    = {Wed, 16 Mar 2022 23:52:57 +0100},
  biburl       = {https://dblp.org/rec/journals/sp/ZhangLLZ20.bib},
  bibsource    = {dblp computer science bibliography, https://dblp.org}
}

@inproceedings{DBLP:conf/ictac/Aalst21a,
  author       = {Wil M. P. van der Aalst},
  editor       = {Antonio Cerone},
  title        = {Object-Centric Process Mining: An Introduction},
  booktitle    = {Formal Methods for an Informal World - {ICTAC} 2021 Summer School,
                  Virtual Event, Astana, Kazakhstan, September 1-7, 2021, Tutorial Lectures},
  series       = {Lecture Notes in Computer Science},
  volume       = {13490},
  pages        = {73--105},
  publisher    = {Springer},
  year         = {2021},
  url          = {https://doi.org/10.1007/978-3-031-43678-9\_3},
  doi          = {10.1007/978-3-031-43678-9\_3},
  timestamp    = {Tue, 28 Nov 2023 20:06:08 +0100},
  biburl       = {https://dblp.org/rec/conf/ictac/Aalst21a.bib},
  bibsource    = {dblp computer science bibliography, https://dblp.org}
}

@article{DBLP:journals/corr/abs-2403-01975,
  author       = {Alessandro Berti and
                  Istv{\'{a}}n Koren and
                  Jan Niklas Adams and
                  Gyunam Park and
                  Benedikt Knopp and
                  Nina Graves and
                  Majid Rafiei and
                  Lukas Li{\ss} and
                  Leah Tacke genannt Unterberg and
                  Yisong Zhang and
                  Christopher T. Schwanen and
                  Marco Pegoraro and
                  Wil M. P. van der Aalst},
  title        = {{OCEL} (Object-Centric Event Log) 2.0 Specification},
  journal      = {CoRR},
  volume       = {abs/2403.01975},
  year         = {2024},
  url          = {https://doi.org/10.48550/arXiv.2403.01975},
  doi          = {10.48550/ARXIV.2403.01975},
  eprinttype    = {arXiv},
  eprint       = {2403.01975},
  timestamp    = {Sun, 30 Mar 2025 15:21:34 +0200},
  biburl       = {https://dblp.org/rec/journals/corr/abs-2403-01975.bib},
  bibsource    = {dblp computer science bibliography, https://dblp.org}
}

@inproceedings{DBLP:conf/icse/Liu0MKYXGG24,
  author       = {Bohan Liu and
                  He Zhang and
                  Weigang Ma and
                  Hongyu Kuang and
                  Yi Yang and
                  Jinwei Xu and
                  Shan Gao and
                  Jian Gao},
  title        = {Mining Pull Requests to Detect Process Anomalies in Open Source Software
                  Development},
  booktitle    = {Proceedings of the 46th {IEEE/ACM} International Conference on Software
                  Engineering, {ICSE} 2024, Lisbon, Portugal, April 14-20, 2024},
  pages        = {194:1--194:13},
  publisher    = {{ACM}},
  year         = {2024},
  url          = {https://doi.org/10.1145/3597503.3639196},
  doi          = {10.1145/3597503.3639196},
  timestamp    = {Sun, 19 Jan 2025 13:14:45 +0100},
  biburl       = {https://dblp.org/rec/conf/icse/Liu0MKYXGG24.bib},
  bibsource    = {dblp computer science bibliography, https://dblp.org}
}

